@article{bilareral filtering,
    author = {Y. Wang, J. Zhang, M. Kan, S. Shan, and X. Chen},
    title = {Self-supervised equivariant attention mechanism for
weakly supervised semantic segmentation},
    journal = {Proceedings
of the IEEE/CVF Conference on Computer Vision
and Pattern Recognition},
    volume = {322},
    number = {1},
    pages = {12 275â€“12 284},
    year = {2020}
}